<?xml version="1.0" encoding="UTF-8"?><collection><record><leader>12156ntm a2201393 a 4500</leader><controlfield tag="001">006776003</controlfield><controlfield tag="003">MiAaHDL</controlfield><controlfield tag="005">20190719000000.0</controlfield><controlfield tag="006">m        d        </controlfield><controlfield tag="007">cr bn ---auaua</controlfield><controlfield tag="008">090507s1742    xx            00| ||ara d</controlfield><datafield tag="035" ind1=" " ind2=" "><subfield code="a">(MiU)006776003</subfield></datafield><datafield tag="035" ind1=" " ind2=" "><subfield code="a">sdr-miu006776003</subfield></datafield><datafield tag="040" ind1=" " ind2=" "><subfield code="a">MiU</subfield><subfield code="c">MiU</subfield><subfield code="e">amremm</subfield></datafield><datafield tag="043" ind1=" " ind2=" "><subfield code="a">n-us-mi</subfield></datafield><datafield tag="245" ind1="0" ind2="0"><subfield code="6">880-01</subfield><subfield code="a">[Majmūʻat rasāʼil,</subfield><subfield code="f">1155, i.e. 1742].</subfield></datafield><datafield tag="260" ind1=" " ind2=" "><subfield code="a">[Kars,</subfield><subfield code="c">1742].</subfield></datafield><datafield tag="300" ind1=" " ind2=" "><subfield code="a">112 leaves :</subfield><subfield code="b">paper ;</subfield><subfield code="c">200 x 155 (155-157 x 93-95) mm. bound to 203 x 158 mm.</subfield></datafield><datafield tag="500" ind1=" " ind2=" "><subfield code="a">Shelfmark: Ann Arbor, University of Michigan, Special Collections Library, Isl. Ms. 154</subfield></datafield><datafield tag="500" ind1=" " ind2=" "><subfield code="a">Origin: All works appear to be in the hand of a single copyist, named in the colophons which appear following a few of the works (see p.24, p.119, p.144, and p.177) as Muḥammad al-Qāriṣī [al-Qarṣī] ibn Uways ibn Muḥammad ibn Ramaḍān (Mehmet Üveys Karsî) for or while in the service of Mevlana Mahmut müftü of Kars Erzurum. As appears in colophon on p.24, transcription of al-Tibrīzī al-Ḥanafī's Sharḥ al-Risālah al-ʻAḍudīyah fī al-ādāb [al-Risālah al-Ḥanafīyah] finished Rabīʻ II 1155 [June-July 1742]. As appears in colophon on p.119, transcription of Risālat Ḥallāl al-mushkilāt finished in the city of Kars, Erzurum (vilayet) 1 Rabīʻ I 1155 [ca. 6 May 1742]. As appears in colophon on p.144, transcription of Kāshifat ḥāl al-mawtá completed 8 Rabīʻ I 1155 [ca. 13 May 1742]. As appears in colophon on p.177, transcription of Risale-yi Hakanî completed in Rabīʻ I 1155 [May-June 1742].</subfield></datafield><datafield tag="500" ind1=" " ind2=" "><subfield code="a">Accompanying materials: Slips carrying glosses tipped in (paginated pp.49-50, pp.55-56).</subfield></datafield><datafield tag="500" ind1=" " ind2=" "><subfield code="a">Former shelfmark: British Museum, London "No. 74. Collection of tracts."</subfield></datafield><datafield tag="500" ind1=" " ind2=" "><subfield code="a">Binding: Pasteboards covered in combed marbled paper (in red, blue, and yellow ; see interior of flap) with dark brown leather over spine, foreedge flap, and edges/turn-ins ; entire cover now fitted with custom textile jacket / detachable overcover (see p.246-247, 453 in Julia Miller, Books will speak plain) in light green-blue linen, stiched across board linings in heavy cream and blue thread (yarn) ; Type II binding (with flap) ; board linings in laid paper ; sewn in cream thread, two stations ; worked endbands in green and red, fair condition ; overall in fair condition with abrasion, staining, tearing, etc.</subfield></datafield><datafield tag="500" ind1=" " ind2=" "><subfield code="a">Support: European laid paper with 11 laid lines per cm. (vertical) and major chain lines spaced roughly 23-24 mm. apart (horizontal) but spaced roughly 6-8 mm. from apparently minor chain lines (giving the effect of chain lines grouped in pairs) ; watermark with crown above fleur de lis, studded pendant and initials 'GB' 'MF' below ; well-sized and burnished ; some inclusions ; thin but sturdy ; moisture damage obscures text in upper inner corners of written area.</subfield></datafield><datafield tag="500" ind1=" " ind2=" "><subfield code="a">Decoration: Titles, section headings, keywords, and abbreviation symbols rubricated ; overlining in red.</subfield></datafield><datafield tag="500" ind1=" " ind2=" "><subfield code="a">Script: Naskh influenced by nastaʻlīq ; all works mainly in one fine Eastern Anatolian hand, virtually serifless with effect of tilt to the right, mainly closed counters, some elongation of descenders and horizontal strokes, slight effect of words descending to baseling, freely ligatured, point of final nūn often assimilated with bowl, final yāʼ often mardūdah, etc.</subfield></datafield><datafield tag="500" ind1=" " ind2=" "><subfield code="a">Layout: Written mainly in 21 lines per page ; written area of a few texts divded to four and two columns to set off poetry ; frame-ruled.</subfield></datafield><datafield tag="500" ind1=" " ind2=" "><subfield code="a">Collation: 6 V (60), V+1 (71), V (81), VI (93), V (103), IV+1 (112) ; chiefly quinions ; 'quire numbering' in the form of whole words roughly every ten leaves toward the middle of each quire (often the leaf following the middle bifolium, see p.35, p.57, p.77, p.97, etc.) ; catchwords present ; pagination in pencil, Western numerals, supplied during digitization (includes inserts).</subfield></datafield><datafield tag="500" ind1=" " ind2=" "><subfield code="a">Title supplied by cataloguer.</subfield></datafield><datafield tag="500" ind1=" " ind2=" "><subfield code="a">Ms. codex.</subfield></datafield><datafield tag="505" ind1="0" ind2=" "><subfield code="a">25. p.224-p.228 : [blank].</subfield></datafield><datafield tag="505" ind1="0" ind2=" "><subfield code="a">24. p.206-p.223 : [Risālah fī al-tajwīd]/ Muṣṭafá al-Anṭākī.</subfield></datafield><datafield tag="505" ind1="0" ind2=" "><subfield code="a">23. p.205 : [blank].</subfield></datafield><datafield tag="505" ind1="0" ind2=" "><subfield code="a">22. p.178-p.204 : Hilye-yi Hakanî / Hakanî Mehmet Bey.</subfield></datafield><datafield tag="505" ind1="0" ind2=" "><subfield code="a">21. p.164-p.177 : Risale-yi Hakanî / Hakanî Mehmet Bey.</subfield></datafield><datafield tag="505" ind1="0" ind2=" "><subfield code="a">20. p.163 : [blank].</subfield></datafield><datafield tag="505" ind1="0" ind2=" "><subfield code="a">19. p.152-p.162 : Risālah fī al-kabāʼir wa-al-ṣaghāʼir min al-dhunūb / Ibn Nujaym.</subfield></datafield><datafield tag="505" ind1="0" ind2=" "><subfield code="a">18. p.150-p.151 : [Risālah fī al-fiʻl al-iṣṭilāḥī] / Kadızade Mehmet [?].</subfield></datafield><datafield tag="505" ind1="0" ind2=" "><subfield code="a">17. p.148-p.149 : [Risālah ṣaghīrat al-ḥajm fī mā istafadtu mimmā yataʻallaqu bil-Qurān al-ʻaẓīm] / Kadızade Mehmet [?].</subfield></datafield><datafield tag="505" ind1="0" ind2=" "><subfield code="a">16. p.145-p.147 : [blank].</subfield></datafield><datafield tag="505" ind1="0" ind2=" "><subfield code="a">15. p.122-p.144 : Kāshifat ḥāl al-mawtá / Kadızade Mehmet [?].</subfield></datafield><datafield tag="505" ind1="0" ind2=" "><subfield code="a">14. p.120-p.121 : [blank].</subfield></datafield><datafield tag="505" ind1="0" ind2=" "><subfield code="a">13. p.106-p.119 : Risālat Ḥallāl al-mushkilāt / Fatḥ Allāh ibn Maḥmūd al-Mawṣilī.</subfield></datafield><datafield tag="505" ind1="0" ind2=" "><subfield code="a">12. p.78-p.105 : Kitāb al-Munabbihāt / Ibn Ḥajar al-ʻAsqalānī.</subfield></datafield><datafield tag="505" ind1="0" ind2=" "><subfield code="a">11. p.76-p.77 : [assorted excerpts].</subfield></datafield><datafield tag="505" ind1="0" ind2=" "><subfield code="a">10. p.42-p.75 : Risālat al-ʻadl fī bayān ḥāl al-Khiḍr / Numân Paşa bin Mustafa Paşa Köprülü.</subfield></datafield><datafield tag="505" ind1="0" ind2=" "><subfield code="a">9. p.36-p.41 : [blank].</subfield></datafield><datafield tag="505" ind1="0" ind2=" "><subfield code="a">8. p.26-p.35 : [Tafsīr Sūrat al-Mulk] / Kemalpaşazade.</subfield></datafield><datafield tag="505" ind1="0" ind2=" "><subfield code="a">7. p.25 : [blank].</subfield></datafield><datafield tag="505" ind1="0" ind2=" "><subfield code="a">6. p.18-p.24 : Risālah-yi ʻAḍudī fī al-ādāb [i.e. Sharḥ al-Risālah al-ʻAḍudīyah fī al-ādāb] / al-Tibrīzī al-Ḥanafī.</subfield></datafield><datafield tag="505" ind1="0" ind2=" "><subfield code="a">5. p.17 : [originally left blank, now carries waqf statement].</subfield></datafield><datafield tag="505" ind1="0" ind2=" "><subfield code="a">4. p.12-p.16 : al-Fāriqah bayna al-sāʻāt al-saʻīdah wa-al-naḥisah / Kadızade Mehmet Necip [?].</subfield></datafield><datafield tag="505" ind1="0" ind2=" "><subfield code="a">3. p.8-p.11 : [blank].</subfield></datafield><datafield tag="505" ind1="0" ind2=" "><subfield code="a">2. p.7 : [table of contents].</subfield></datafield><datafield tag="505" ind1="0" ind2=" "><subfield code="a">1. p.1-p.6 : [blank].</subfield></datafield><datafield tag="510" ind1="4" ind2=" "><subfield code="a">Miller, Julia. Books will speak plain : a handbook for identifying and describing historical bindings. Ann Arbor : The Legacy Press, 2010.</subfield></datafield><datafield tag="510" ind1="4" ind2=" "><subfield code="a">Brockelmann, C. GAL,</subfield><subfield code="c">II 69 ; S II 74</subfield></datafield><datafield tag="510" ind1="4" ind2=" "><subfield code="a">Brockelmann, C. GAL,</subfield><subfield code="c">II 449 ; S II 663</subfield></datafield><datafield tag="510" ind1="4" ind2=" "><subfield code="a">Brockelmann, C. GAL,</subfield><subfield code="c">II 449 ; S II 668</subfield></datafield><datafield tag="510" ind1="4" ind2=" "><subfield code="a">Brockelmann, C. GAL,</subfield><subfield code="c">II 208</subfield></datafield><datafield tag="520" ind1="8" ind2=" "><subfield code="a">Clear copy of a collection of treatises (majmūʻah / mecmua) on assorted topics. Contents listed on fore-edge flap label and 'table of contents' (p.7).</subfield></datafield><datafield tag="538" ind1=" " ind2=" "><subfield code="a">Mode of access: Internet.</subfield></datafield><datafield tag="541" ind1=" " ind2=" "><subfield code="c">Purchase ;</subfield><subfield code="a">Acquired by purchase (funds donated by Horace Rackham).</subfield><subfield code="d">1924.</subfield></datafield><datafield tag="546" ind1=" " ind2=" "><subfield code="a">Arabic and Ottoman Turkish.</subfield></datafield><datafield tag="561" ind1=" " ind2=" "><subfield code="a">Bookplate of British Museum, London on interior of upper cover, "British Museum, London. No. 74. Collection of tracts." ; circular seal impression with figure of goat/gazelle in purple ink as well as inscription "143" in Western numerals on opening leaf (p.1) ; on paper (blue-tinted) pasted on ’title page’ of second work (p.17), a detailed waqf statement in the name of al-Sayyid ʻAbd Allāh Adīb (Abdullah Edip), known as Jannatʹzādah (Cennet-zade), qāḍī of Erzurum, accompanied by his seal, reads: "وقفت وقفا صحيحا شرعيا على ان لا يخرج من بيت الكتب الملتصق بداري الا لعلماء سكنوا بارضروم بكفيل مرعى اورهن قوي وانا الفقير اليه عز شانه السيد عبد الله اديب الشهير بجنت زاده القاضي بمدينة ارضروم في سنة اثنى وستين ومائتين والف" ; numerous glosses and marginal corrections.</subfield></datafield><datafield tag="600" ind1="0" ind2="0"><subfield code="a">Muḥammad,</subfield><subfield code="c">Prophet,</subfield><subfield code="d">-632</subfield><subfield code="v">Early works to 1800.</subfield></datafield><datafield tag="600" ind1="1" ind2="0"><subfield code="a">Ījī, ʻAḍud al-Dīn ʻAbd al-Raḥmān ibn Aḥmad,</subfield><subfield code="d">d. 1355?</subfield><subfield code="t">Risālat ādāb al-baḥth wa-al-munāẓarah.</subfield></datafield><datafield tag="630" ind1="0" ind2="0"><subfield code="a">Qurʼan</subfield><subfield code="x">Recitation</subfield><subfield code="v">Early works to 1800.</subfield></datafield><datafield tag="630" ind1="0" ind2="0"><subfield code="a">Qurʼan</subfield><subfield code="p">Sūrat al-Mulk</subfield><subfield code="v">Commentaries.</subfield></datafield><datafield tag="650" ind1=" " ind2="0"><subfield code="a">Manuscripts, Turkish</subfield><subfield code="z">Michigan</subfield><subfield code="z">Ann Arbor.</subfield></datafield><datafield tag="650" ind1=" " ind2="0"><subfield code="a">Manuscripts, Arabic</subfield><subfield code="z">Michigan</subfield><subfield code="z">Ann Arbor.</subfield></datafield><datafield tag="650" ind1=" " ind2="0"><subfield code="a">Turkish poetry</subfield><subfield code="v">Early works to 1800.</subfield></datafield><datafield tag="650" ind1=" " ind2="0"><subfield code="a">Islam</subfield><subfield code="v">Prayers and devotions</subfield><subfield code="v">Early works to 1800.</subfield></datafield><datafield tag="650" ind1=" " ind2="0"><subfield code="a">Arabic language</subfield><subfield code="x">Grammar</subfield><subfield code="v">Early works to 1800.</subfield></datafield><datafield tag="650" ind1=" " ind2="0"><subfield code="a">Hanafites</subfield><subfield code="v">Early works to 1800.</subfield></datafield><datafield tag="650" ind1=" " ind2="0"><subfield code="a">Future life</subfield><subfield code="x">Islam</subfield><subfield code="v">Early works to 1800.</subfield></datafield><datafield tag="650" ind1=" " ind2="0"><subfield code="a">Sin</subfield><subfield code="x">Islam</subfield><subfield code="v">Early works to 1800.</subfield></datafield><datafield tag="650" ind1=" " ind2="0"><subfield code="a">Islam</subfield><subfield code="x">Doctrines</subfield><subfield code="v">Early works to 1800.</subfield></datafield><datafield tag="650" ind1=" " ind2="0"><subfield code="a">Hadith</subfield><subfield code="x">Criticism, interpretation, etc.</subfield><subfield code="v">Early works to 1800.</subfield></datafield><datafield tag="650" ind1=" " ind2="0"><subfield code="a">Dialectic</subfield><subfield code="v">Early works to 1800.</subfield></datafield><datafield tag="650" ind1=" " ind2="0"><subfield code="a">Astrology, Turkish</subfield><subfield code="v">Early works to 1800.</subfield></datafield><datafield tag="700" ind1="0" ind2=" "><subfield code="6">880-18</subfield><subfield code="a">Mehmet Üveys Karsî,</subfield><subfield code="d">fl. 1742.</subfield><subfield code="t">scribe.</subfield></datafield><datafield tag="700" ind1="0" ind2="2"><subfield code="6">880-16</subfield><subfield code="a">Muṣṭafá al-Anṭākī.</subfield><subfield code="t">Risālah fī al-tajwīd.</subfield></datafield><datafield tag="700" ind1="0" ind2="2"><subfield code="6">880-15</subfield><subfield code="a">Hakanî Mehmet Bey,</subfield><subfield code="d">-1606.</subfield><subfield code="t">Risale-yi Hakanî.</subfield></datafield><datafield tag="700" ind1="0" ind2="2"><subfield code="6">880-14</subfield><subfield code="a">Hakanî Mehmet Bey,</subfield><subfield code="d">-1606.</subfield><subfield code="t">Hilye-yi Hakanî.</subfield></datafield><datafield tag="700" ind1="1" ind2="2"><subfield code="6">880-12</subfield><subfield code="a">Ibn Nujaym, Zayn al-Dīn ibn Ibrāhīm,</subfield><subfield code="d">-1563.</subfield><subfield code="t">Risālah fī bayān al-kabāʼir wa-al-ṣaghāʼir.</subfield></datafield><datafield tag="700" ind1="0" ind2="2"><subfield code="6">880-08</subfield><subfield code="a">Fatḥ Allāh ibn Maḥmūd al-Mawṣilī.</subfield><subfield code="t">Ḥallāl al-mushkilāt.</subfield></datafield><datafield tag="700" ind1="1" ind2="2"><subfield code="6">880-07</subfield><subfield code="a">Ibn Ḥajar al-ʻAsqalānī, Aḥmad ibn ʻAlī,</subfield><subfield code="d">1372-1449.</subfield><subfield code="t">Munabbihāt ʻalá al-istiʻdād li-yawm al-maʻād.</subfield></datafield><datafield tag="700" ind1="1" ind2="2"><subfield code="6">880-06</subfield><subfield code="a">Kūbrulī, Nuʻmān ibn Muṣṭafá,</subfield><subfield code="d">-1719 or 1720.</subfield><subfield code="t">Risalat al-ʻadl fī bayān ḥāl al-Khiḍr.</subfield></datafield><datafield tag="700" ind1="0" ind2="2"><subfield code="6">880-05</subfield><subfield code="a">Kemalpaşazade,</subfield><subfield code="d">1468 or 1469-1534.</subfield><subfield code="t">Tafsīr Sūrat al-Mulk.</subfield></datafield><datafield tag="700" ind1="0" ind2="2"><subfield code="6">880-04</subfield><subfield code="a">Muḥammad al-Tibrīzī al-Ḥanafī,</subfield><subfield code="d">d. 1494.</subfield><subfield code="t">Risālah al-Ḥanafīyah.</subfield></datafield><datafield tag="700" ind1="0" ind2="2"><subfield code="6">880-03</subfield><subfield code="a">Kadızade Mehmet Necip.</subfield><subfield code="t">Fāriqah bayna al-sāʻāt al-saʻīdah wa-al-naḥisah.</subfield></datafield><datafield tag="740" ind1="0" ind2="2"><subfield code="6">880-17</subfield><subfield code="a">Risale-yi tecvid</subfield></datafield><datafield tag="740" ind1="0" ind2="2"><subfield code="6">880-13</subfield><subfield code="a">Risālah fī al-kabāʼir wa-al-ṣaghāʼir min al-dhunūb</subfield></datafield><datafield tag="740" ind1="0" ind2="2"><subfield code="a">رسالۀ لفظ ضرب</subfield></datafield><datafield tag="740" ind1="0" ind2="2"><subfield code="6">880-11</subfield><subfield code="a">Risālah fī al-fiʻl al-iṣṭilāḥī</subfield></datafield><datafield tag="740" ind1="0" ind2="2"><subfield code="6">880-10</subfield><subfield code="a">Risālah ṣaghīrat al-ḥajm fī mā istafadtu mimmā yataʻallaqu bil-Qurān al-ʻaẓīm</subfield></datafield><datafield tag="740" ind1="0" ind2="2"><subfield code="6">880-09</subfield><subfield code="a">Kāshifat ḥāl al-mawtá</subfield></datafield><datafield tag="740" ind1="0" ind2="2"><subfield code="a">وسم افضل الاماثل وامثل الافاضل حلال المشكلات وكشاف المعضلات وفتاح المقفلات بسيف علمه الباهر وصمصام فضله مولانا احمد داماد زاده</subfield></datafield><datafield tag="740" ind1="0" ind2="2"><subfield code="a">نفسير سورۀ تبارك</subfield></datafield><datafield tag="740" ind1="0" ind2="2"><subfield code="a">رسالۀ عضدى فى الآداب</subfield></datafield><datafield tag="773" ind1="0" ind2=" "><subfield code="a">Tiflis Collection.</subfield></datafield><datafield tag="880" ind1="0" ind2=" "><subfield code="6">700-18/</subfield><subfield code="a">محمد بن اويس قرصى،</subfield><subfield code="t">ناسخ.</subfield></datafield><datafield tag="880" ind1="0" ind2="2"><subfield code="6">740-17/</subfield><subfield code="a">رسالۀ تجويد</subfield></datafield><datafield tag="880" ind1="0" ind2="2"><subfield code="6">700-16/</subfield><subfield code="a">مصطفى الارمتاكي التكوي الانطاكي.</subfield><subfield code="t">رسالة في التجويد.</subfield></datafield><datafield tag="880" ind1="0" ind2="2"><subfield code="6">700-15/</subfield><subfield code="a">حاقانى محمد بك.</subfield><subfield code="t">رسالۀ خاقانى.</subfield></datafield><datafield tag="880" ind1="0" ind2="2"><subfield code="6">700-14/</subfield><subfield code="a">حاقانى محمد بك.</subfield><subfield code="t">حليۀ حاقانى.</subfield></datafield><datafield tag="880" ind1="0" ind2="2"><subfield code="6">740-13/</subfield><subfield code="a">رسالة في الكبائر والصغائر من الذنوب</subfield></datafield><datafield tag="880" ind1="1" ind2="2"><subfield code="6">700-12/</subfield><subfield code="a">ابن نجيم، زين الدين بن ابراهيم.</subfield><subfield code="t">رسالة في بيان الكبائر والصغائر.</subfield></datafield><datafield tag="880" ind1="0" ind2="2"><subfield code="6">740-11/</subfield><subfield code="a">رسالة في الفعل الاصطلاحي</subfield></datafield><datafield tag="880" ind1="0" ind2="2"><subfield code="6">740-10/</subfield><subfield code="a">رسالة صغيرة الحجم في ما استفدت مما يتعلق بالقرأن العظيم</subfield></datafield><datafield tag="880" ind1="0" ind2="2"><subfield code="6">740-09/</subfield><subfield code="a">كاشفة حال الموتى</subfield></datafield><datafield tag="880" ind1="0" ind2="2"><subfield code="6">700-08/</subfield><subfield code="a">فتح الله بن محمود الموصلي.</subfield><subfield code="t">حلال المشكلات.</subfield></datafield><datafield tag="880" ind1="1" ind2="2"><subfield code="6">700-07/</subfield><subfield code="a">ابن حجر العسقلاني، احمد بن علي.</subfield><subfield code="t">منبهات على الاستعداد ليوم المعاد.</subfield></datafield><datafield tag="880" ind1="1" ind2="2"><subfield code="6">700-06/</subfield><subfield code="a">كپرلى نعمان پاشا.</subfield><subfield code="t">رسالة العدل في بيان حال الخضر.</subfield></datafield><datafield tag="880" ind1="0" ind2="2"><subfield code="6">700-05/</subfield><subfield code="a">ابن كمال باشا، أحمد بن سليمان.</subfield><subfield code="t">تفسير سورة الملك.</subfield></datafield><datafield tag="880" ind1="0" ind2="2"><subfield code="6">700-04/</subfield><subfield code="a">محمد التبريزي الحنفي.</subfield><subfield code="t">رسالة الحنفية.</subfield></datafield><datafield tag="880" ind1="0" ind2="2"><subfield code="6">700-03/</subfield><subfield code="a">قاضى زاده محمد نجيب.</subfield><subfield code="t">فارقة بين الساعات السعيدة والنحسة.</subfield></datafield><datafield tag="880" ind1="0" ind2="0"><subfield code="6">245-01/</subfield><subfield code="a">[مجموعة رسائل,</subfield><subfield code="f">1155ه، 1742م].</subfield></datafield><datafield tag="CID" ind1=" " ind2=" "><subfield code="a">006776003</subfield></datafield><datafield tag="DAT" ind1="0" ind2=" "><subfield code="a">20190719102635.0</subfield><subfield code="b">20190719000000.0</subfield></datafield><datafield tag="DAT" ind1="1" ind2=" "><subfield code="a">20190719090653.0</subfield><subfield code="b">2019-07-19T16:11:23Z</subfield></datafield><datafield tag="DAT" ind1="2" ind2=" "><subfield code="a">2015-09-17T18:00:03Z</subfield></datafield><datafield tag="CAT" ind1=" " ind2=" "><subfield code="a">SDR-MIU</subfield><subfield code="d">EX LIBRIS - ALEPH</subfield><subfield code="l">prepare.pl-004-008</subfield></datafield><datafield tag="FMT" ind1=" " ind2=" "><subfield code="a">BK</subfield></datafield><datafield tag="HOL" ind1=" " ind2=" "><subfield code="0">sdr-miu006776003</subfield><subfield code="a">MiU</subfield><subfield code="b">SDR</subfield><subfield code="c">MIU</subfield><subfield code="p">mdp.39015079125871</subfield><subfield code="s">MIU</subfield><subfield code="1">006776003</subfield></datafield><datafield tag="974" ind1=" " ind2=" "><subfield code="b">MIU</subfield><subfield code="c">MIU</subfield><subfield code="d">20190719</subfield><subfield code="s">lit-dlps-dc</subfield><subfield code="u">mdp.39015079125871</subfield><subfield code="y">1742</subfield><subfield code="r">pd</subfield><subfield code="q">bib</subfield><subfield code="t">non-US bib date1 &lt; 1879</subfield></datafield></record></collection>